@article{beispiel,
  author  = "Max Mustermann",
  title   = "Ein Beispieltitel",
  year    = "2023",
  journal = "Journal der Beispiele",
  volume  = "1",
  number  = "1",
  pages   = "1--10"
}
